% This file was created with JabRef 2.10b2.
% Encoding: UTF-8


@Manual{Csoares,
  Title                    = {Aulas Teórico-Práticas Sistemas Digitais 1º ano, 1º semestre da Licenciatura em Engenharia Informática do Instituto Superior Manuel Teixeira Gomes},
  Author                   = {Doutor Cristiano Soares},
  Organization             = {ISMAT},
  Year                     = {2016-2017},

  Owner                    = {proldan},
  Timestamp                = {2015.06.01}
}
@Manual{Garroz,
	Title                    = {Sistemas Digitais-Apontamentos das aulas teóricas Instituto Superior Técnico	Departamento de Engenharia Electrotécnica e de Computadores},
	Author                   = {Guilherme Arroz,Carlos Sêrro},
	Organization             = {IST},
	Year                     = {2005},
	
	Owner                    = {proldan},
	Timestamp                = {2015.06.01}
}

